[gd_scene load_steps=9 format=2]

[ext_resource path="res://assets/models/medievalcauldron.escn" type="PackedScene" id=1]
[ext_resource path="res://src/Craft/IngredientDetector.gd" type="Script" id=2]
[ext_resource path="res://src/Craft/CraftMaker.gd" type="Script" id=3]
[ext_resource path="res://src/Craft/Craft.gd" type="Script" id=4]
[ext_resource path="res://src/Craft/CraftList.gd" type="Script" id=5]
[ext_resource path="res://assets/resources/theme.tres" type="Theme" id=6]

[sub_resource type="CylinderShape" id=1]
radius = 0.533156
height = 0.324056

[sub_resource type="CylinderMesh" id=2]
top_radius = 0.57
bottom_radius = 0.57
height = 0.1

[node name="CraftingSystem" type="Spatial"]
script = ExtResource( 3 )

[node name="CraftList" type="Node" parent="."]
script = ExtResource( 5 )

[node name="Craft" type="Node" parent="CraftList"]
script = ExtResource( 4 )
craft = {
}

[node name="IngredientDetector" type="Area" parent="."]
transform = Transform( 1, 0, 0, 0, 1, 0, 0, 0, 1, 0, -0.0502211, 0 )
script = ExtResource( 2 )

[node name="CollisionShape" type="CollisionShape" parent="IngredientDetector"]
transform = Transform( 1, 0, 0, 0, 1, 0, 0, 0, 1, 0, 0.569005, 0 )
shape = SubResource( 1 )

[node name="Model" parent="." instance=ExtResource( 1 )]

[node name="DebugUi" type="CanvasLayer" parent="."]

[node name="Control" type="Control" parent="DebugUi"]
anchor_right = 1.0
anchor_bottom = 1.0
theme = ExtResource( 6 )
__meta__ = {
"_edit_use_anchors_": false
}

[node name="Button" type="Button" parent="DebugUi/Control"]
anchor_left = 1.0
anchor_top = 1.0
anchor_right = 1.0
anchor_bottom = 1.0
margin_left = -315.0
margin_top = -91.0
margin_right = -23.0
margin_bottom = -24.0
text = "Start Craft"
__meta__ = {
"_edit_use_anchors_": false
}

[node name="Camera" type="Camera" parent="."]
transform = Transform( 1, 0, 0, 0, 0.804355, 0.594149, 0, -0.594149, 0.804355, 0, 1.84916, 1.52129 )

[node name="Liquid" type="Spatial" parent="."]

[node name="MeshInstance" type="MeshInstance" parent="Liquid"]
transform = Transform( 1, 0, 0, 0, 1, 0, 0, 0, 1, 0.0207202, 0.768628, -0.0325437 )
mesh = SubResource( 2 )
material/0 = null

[connection signal="craft_finished" from="." to="IngredientDetector" method="_on_craft_finished"]
[connection signal="body_entered" from="IngredientDetector" to="IngredientDetector" method="_on_body_entered"]
[connection signal="body_exited" from="IngredientDetector" to="IngredientDetector" method="_on_body_exited"]
[connection signal="ingredient_added" from="IngredientDetector" to="." method="_on_ingredient_added"]
[connection signal="ingredient_removed" from="IngredientDetector" to="." method="_on_ingredient_removed"]
[connection signal="pressed" from="DebugUi/Control/Button" to="." method="_on_craft_validated"]
